
@article{clink2023,
	title = {A workflow for the automated detection and classification of female gibbon calls from long-term acoustic recordings},
	author = {Clink, Dena J. and Kier, Isabel and Ahmad, Abdul Hamid and Klinck, Holger},
	year = {2023},
	date = {2023},
	journal = {Frontiers in Ecology and Evolution},
	volume = {11},
	url = {https://www.frontiersin.org/articles/10.3389/fevo.2023.1071640}
}

@article{sugai2019,
	title = {Terrestrial Passive Acoustic Monitoring: Review and Perspectives},
	author = {Sugai, Larissa Sayuri Moreira and Silva, Thiago Sanna Freire and Ribeiro, {José Wagner} and Llusia, Diego},
	year = {2019},
	date = {2019},
	journal = {BioScience},
	pages = {15{\textendash}25},
	volume = {69},
	number = {1},
	doi = {10.1093/biosci/biy147},
	url = {https://academic.oup.com/bioscience/article/69/1/15/5193506},
	note = {Publisher: Narnia}
}

@article{gibb2018,
	title = {Emerging opportunities and challenges for passive acoustics in ecological assessment and monitoring},
	author = {Gibb, Rory and Browning, Ella and Glover-Kapfer, Paul and Jones, Kate E.},
	year = {2018},
	month = {10},
	date = {2018-10},
	journal = {Methods in Ecology and Evolution},
	doi = {10.1111/2041-210X.13101},
	url = {http://doi.wiley.com/10.1111/2041-210X.13101},
	note = {Publisher: Wiley/Blackwell (10.1111)}
}

@article{katz2016,
	title = {Assessment of error rates in acoustic monitoring with the R package monitoR},
	author = {Katz, Jonathan and Hafner, Sasha D and Donovan, Therese},
	year = {2016},
	date = {2016},
	journal = {Bioacoustics},
	pages = {177{\textendash}196},
	volume = {25},
	number = {2},
	note = {Publisher: Taylor & Francis}
}

@article{balantic2020,
	title = {AMMonitor: Remote monitoring of biodiversity in an adaptive framework with r},
	author = {Balantic, Cathleen and Donovan, Therese},
	year = {2020},
	date = {2020},
	journal = {Methods in Ecology and Evolution},
	pages = {869{\textendash}877},
	volume = {11},
	number = {7},
	note = {Publisher: Wiley Online Library}
}

@article{kalan2015,
	title = {Towards the automated detection and occupancy estimation of primates using passive acoustic monitoring},
	author = {Kalan, Ammie K. and Mundry, Roger and Wagner, Oliver J J and Heinicke, Stefanie and Boesch, Christophe and {Kühl}, Hjalmar S.},
	year = {2015},
	date = {2015},
	journal = {Ecological Indicators},
	pages = {217{\textendash}226},
	volume = {54},
	number = {July 2015},
	doi = {10.1016/j.ecolind.2015.02.023}
}

@article{lecun2015,
	title = {Deep learning},
	author = {LeCun, Yann and Bengio, Yoshua and Hinton, Geoffrey},
	year = {2015},
	month = {05},
	date = {2015-05},
	journal = {Nature},
	pages = {436--444},
	volume = {521},
	number = {7553},
	doi = {10.1038/nature14539},
	url = {https://www.nature.com/articles/nature14539},
	note = {Number: 7553
Publisher: Nature Publishing Group},
	langid = {en}
}

@book{scavetta2021,
	title = {Python and R for the Modern Data Scientist},
	author = {Scavetta, Rick J and Angelov, Boyan},
	year = {2021},
	date = {2021},
	publisher = {O'Reilly Media, Inc.}
}

@article{lawlor2022,
	title = {Ten simple rules for teaching yourself R},
	author = {Lawlor, Jake and Banville, Francis and {Forero-Muñoz}, Norma-Rocio and {Hébert}, Katherine and {Martínez-Lanfranco}, {Juan Andrés} and Rogy, Pierre and MacDonald, A. Andrew M.},
	year = {2022},
	month = {09},
	date = {2022-09-01},
	journal = {PLOS Computational Biology},
	pages = {e1010372},
	volume = {18},
	number = {9},
	doi = {10.1371/journal.pcbi.1010372},
	url = {https://journals.plos.org/ploscompbiol/article?id=10.1371/journal.pcbi.1010372},
	note = {Publisher: Public Library of Science},
	langid = {en}
}

@article{chollet2015,
	title = {Keras},
	author = {Chollet, {François} and others, },
	year = {2015},
	date = {2015},
	url = {https://keras.io}
}

@inbook{paszke2019,
	title = {PyTorch: An Imperative Style, High-Performance Deep Learning Library},
	author = {Paszke, Adam and Gross, Sam and Massa, Francisco and Lerer, Adam and Bradbury, James and Chanan, Gregory and Killeen, Trevor and Lin, Zeming and Gimelshein, Natalia and Antiga, Luca and Desmaison, Alban and Kopf, Andreas and Yang, Edward and DeVito, Zachary and Raison, Martin and Tejani, Alykhan and Chilamkurthy, Sasank and Steiner, Benoit and Fang, Lu and Bai, Junjie and Chintala, Soumith},
	year = {2019},
	date = {2019},
	publisher = {Curran Associates, Inc.},
	pages = {8024{\textendash}8035},
	url = {http://papers.neurips.cc/paper/9015-pytorch-an-imperative-style-high-performance-deep-learning-library.pdf}
}

@article{martínabadi2015,
	title = {TensorFlow: Large-Scale Machine Learning on Heterogeneous Systems},
	author = {{Martín Abadi},  and Ashish Agarwal,  and Paul Barham,  and Eugene Brevdo,  and Zhifeng Chen,  and Craig Citro,  and Greg S. Corrado,  and Andy Davis,  and Jeffrey Dean,  and Matthieu Devin,  and Sanjay Ghemawat,  and Ian Goodfellow,  and Andrew Harp,  and Geoffrey Irving,  and Michael Isard,  and Jia, Yangqing and Rafal Jozefowicz,  and Lukasz Kaiser,  and Manjunath Kudlur,  and Josh Levenberg,  and {Dandelion Mané},  and Rajat Monga,  and Sherry Moore,  and Derek Murray,  and Chris Olah,  and Mike Schuster,  and Jonathon Shlens,  and Benoit Steiner,  and Ilya Sutskever,  and Kunal Talwar,  and Paul Tucker,  and Vincent Vanhoucke,  and Vijay Vasudevan,  and {Fernanda Viégas},  and Oriol Vinyals,  and Pete Warden,  and Martin Wattenberg,  and Martin Wicke,  and Yuan Yu,  and Xiaoqiang Zheng, },
	year = {2015},
	date = {2015},
	url = {https://www.tensorflow.org/}
}

@book{ushey2022,
	title = {reticulate: Interface to 'Python'},
	author = {Ushey, Kevin and Allaire, J. J. and Tang, Yuan},
	year = {2022},
	date = {2022}
}

@book{falbel2023,
	title = {luz: Higher Level 'API' for 'torch'},
	author = {Falbel, Daniel},
	year = {2023},
	date = {2023},
	url = {https://CRAN.R-project.org/package=luz}
}
